<?xml version="1.0" encoding="UTF-8"?><record xmlns="http://www.loc.gov/MARC21/slim" xmlns:cinclude="http://apache.org/cocoon/include/1.0" xmlns:zs="http://www.loc.gov/zing/srw/">
  <leader>00522nz  a2200121n  4500</leader>
  <controlfield tag="001">n  83163980 </controlfield>
  <controlfield tag="003">DLC</controlfield>
  <controlfield tag="005">19840322000000.0</controlfield>
  <controlfield tag="008">831024n| acannaab|          |n aaa |||  </controlfield>
  <datafield tag="010" ind1=" " ind2=" ">
    <subfield code="a">n  83163980 </subfield>
  </datafield>
  <datafield tag="040" ind1=" " ind2=" ">
    <subfield code="a">DLC</subfield>
    <subfield code="c">DLC</subfield>
  </datafield>
  <datafield tag="100" ind1="1" ind2="0">
    <subfield code="a">Defino, Anthony M.</subfield>
  </datafield>
  <datafield tag="670" ind1=" " ind2=" ">
    <subfield code="a">Vega, C.B. Vega's English-Spanish dic. of every. crim. and legal terms, c1982:</subfield>
    <subfield code="b">t.p. (Anthony M. Defino, esquire) p. 380 (Mayor Anthony M. Defino, graduate of Fairleigh Dickinson Univ., law degree from Seton-Hall Univ., mayor of West New York, 1971, re-elected twice)</subfield>
  </datafield>
</record>